%% This BibTeX bibliography file was created using BibDesk.
%% http://www.cs.ucsd.edu/~mmccrack/bibdesk.html


%% Created for neil at 2003-03-27 13:20:36 +1200 



@book{GMS94,
	Year = {1994},
	Title = {The \LaTeX\ Companion},
	Address = {Reading, Massachusetts, USA},
	Publisher = {Addison-Wesley},
	Author = {Goossens, Michel and Mittelbach, Frank and Samarin, Alexander}}

@article{cercone2008characteristics,   
	title={Characteristics of adult learners with implications for online learning design},   
	author={Cercone, Kathleen},  
	journal={AACE journal},   
	volume={16},   
	number={2},   
	pages={137--159},   
	year={2008},   
	publisher={Association for the Advancement of Computing in Education (AACE)} }

@book{knowles1970modern,   
	title={The modern practice of adult education},   
	author={Knowles, Malcolm S and others},   
	volume={41},   year={1970},   
	publisher={New York Association Press New York} }

@misc{merriamcaffarella,
  title={Caffarella (1991, 1998) Learning in Adulthood. A comprehensive guide},
  author={Merriam, S},
  publisher={San Francisco: Jossey-Bass}
}


@article{lowry1989supporting,   
	title={Supporting and Facilitating Self-Directed Learning. ERIC Digest No. 93.},   
	author={Lowry, Cheryl Meredith},   
	year={1989},   
	publisher={ERIC} }

@article{mezirow1997transformative,   
	title={Transformative learning: Theory to practice},   
	author={Mezirow, Jack},   
	journal={New directions for adult and continuing education},   
	volume={1997},   
	number={74},   
	pages={5--12},   
	year={1997},   
	publisher={Wiley Online Library} }

@article{van2005research,
  title={Research on cognitive load theory and its design implications for e-learning},
  author={Van Merri{\"e}nboer, Jeroen JG and Ayres, Paul},
  journal={Educational Technology Research and Development},
  volume={53},
  number={3},
  pages={5--13},
  year={2005},
  publisher={Springer}
}

@article{sweller1998cognitive,
  title={Cognitive architecture and instructional design},
  author={Sweller, John and Van Merrienboer, Jeroen JG and Paas, Fred GWC},
  journal={Educational psychology review},
  volume={10},
  number={3},
  pages={251--296},
  year={1998},
  publisher={Springer}
}

@article{clarke2005impact,
  title={The impact of sequencing and prior knowledge on learning mathematics through spreadsheet applications},
  author={Clarke, Tracey and Ayres, Paul and Sweller, John},
  journal={Educational Technology Research and Development},
  volume={53},
  number={3},
  pages={15--24},
  year={2005},
  publisher={Springer}
}

@article{sun2007design,
  title={The design of instructional multimedia in e-Learning: A Media Richness Theory-based approach},
  author={Sun, Pei-Chen and Cheng, Hsing Kenny},
  journal={Computers \& education},
  volume={49},
  number={3},
  pages={662--676},
  year={2007},
  publisher={Elsevier}
}

@techreport{daft1983information,
  title={Information richness. A new approach to managerial behavior and organization design},
  author={Daft, Richard L and Lengel, Robert H},
  year={1983},
  institution={Texas A and M Univ College Station Coll of Business Administration}
}

@article{waycott2005pdas,
  title={PDAs as lifelong learning tools: an activity theory based analysis},
  author={Waycott, Jenny and Jones, Ann and Scanlon, Eileen},
  journal={Learning, Media and Technology},
  volume={30},
  number={2},
  pages={107--130},
  year={2005},
  publisher={Taylor \& Francis}
}

@article{liaw2007activity,
  title={An activity-theoretical approach to investigate learners’ factors toward e-learning systems},
  author={Liaw, Shu-Sheng and Huang, Hsiu-Mei and Chen, Gwo-Dong},
  journal={Computers in Human Behavior},
  volume={23},
  number={4},
  pages={1906--1920},
  year={2007},
  publisher={Elsevier}
}


@book{reigeluth2013instructional,   
title={Instructional design theories and models: An overview of their current status},   
author={Reigeluth, Charles M},   
year={2013},   
publisher={Routledge} }

@book{perkins2008smart,
   title={Smart schools: From training memories to educating minds},
   author={Perkins, David},
   year={2008},
   publisher={Simon and Schuster} }

@incollection{sharples2017mobile,
  title={Mobile learning},
  author={Sharples, Mike and Spikol, Daniel},
  booktitle={Technology enhanced learning},
  pages={89--96},
  year={2017},
  publisher={Springer}
}

@inproceedings{vavoula2002kleos,
  title={KLeOS: A personal, mobile, knowledge and learning organisation system},
  author={Vavoula, Giasemi N and Sharples, Mike},
  booktitle={Wireless and Mobile Technologies in Education, 2002. Proceedings. IEEE International Workshop on},
  pages={152--156},
  year={2002},
  organization={IEEE}
}

@ article{schwabe2005mobile,   
title={Mobile learning with a mobile game: design and motivational effects},   
author={Schwabe, Gerhard and G{\"o}th, Christoph},   
journal={Journal of computer assisted learning},   
volume={21},   
number={3},   
pages={204--216},   
year={2005},   
publisher={Wiley Online Library} }

@article{malone1987making,
  title={Making learning fun: A taxonomy of intrinsic motivations for learning},
  author={Malone, Thomas W and Lepper, Mark R},
  journal={Aptitude, learning, and instruction},
  volume={3},
  number={1987},
  pages={223--253},
  year={1987}
}

@article{wong2012interface,
  title={Interface design practice and education towards mobile apps development},
  author={Wong, Chui Yin and Khong, Chee Weng and Chu, Kimberly},
  journal={Procedia-Social and Behavioral Sciences},
  volume={51},
  pages={698--702},
  year={2012},
  publisher={Elsevier}
}

@article{pugh1991total,
  title={Total design: integrated methods for successful product engineering},
  author={Pugh, Stuart},
  journal={1990},
  year={1991}
}


@book{hix1993developing,
  title={Developing user interfaces: ensuring usability through product \& process},
  author={Hix, Deborah and Hartson, H Rex},
  year={1993},
  publisher={John Wiley \& Sons, Inc.}
}


@article{norman1983some,
  title={Some observations on mental models},
  author={Norman, Donald A},
  journal={Mental models},
  volume={7},
  number={112},
  pages={7--14},
  year={1983},
  publisher={Hillsdale,, USA}}

@inproceedings{potts2011developing,
  title={Developing mobile learning applications for electrical engineering courses},
  author={Potts, Josh and , Nick and Sukittanon, Somsak},
  booktitle={Southeastcon, 2011 Proceedings of IEEE},
  pages={293--296},
  year={2011},
  organization={IEEE}
}

@article{kuutti1996activity,
  title={Activity theory as a potential framework for human-computer interaction research},
  author={Kuutti, Kari},
  journal={Context and consciousness: Activity theory and human-computer interaction},
  volume={1744},
  year={1996}
}

@article{leont1989problem,
  title={The problem of activity in the history of Soviet psychology},
  author={Leont'ev, AN},
  journal={Soviet psychology},
  volume={27},
  number={1},
  pages={22--39},
  year={1989},
  publisher={Taylor \& Francis}
}

@article{schnotz2005enabling,
  title={Enabling, facilitating, and inhibiting effects of animations in multimedia learning: Why reduction of cognitive load can have negative results on learning},
  author={Schnotz, Wolfgang and Rasch, Thorsten},
  journal={Educational Technology Research and Development},
  volume={53},
  number={3},
  pages={47--58},
  year={2005},
  publisher={Springer}
}

@article{fosnot1996constructivism,
  title={Constructivism: A psychological theory of learning},
  author={Fosnot, Catherine Twomey and Perry, Randall Stewart},
  journal={Constructivism: Theory, perspectives, and practice},
  volume={2},
  pages={8--33},
  year={1996}
}


@article{evgeniou2012theoretical,
  title={The theoretical base of e-learning and its role in surgical education},
  author={Evgeniou, Evgenios and Loizou, Peter},
  journal={Journal of surgical education},
  volume={69},
  number={5},
  pages={665--669},
  year={2012},
  publisher={Elsevier}
}

@phdthesis{hughes2016kindergarten,
  title={Kindergarten entry age and the effect on student academic achievement},
  author={Hughes, Angela J},
  year={2016},
  school={Indiana University of Pennsylvania}
}

@article{ertmer2013behaviorism,
  title={Behaviorism, cognitivism, constructivism: Comparing critical features from an instructional design perspective},
  author={Ertmer, Peggy A and Newby, Timothy J},
  journal={Performance Improvement Quarterly},
  volume={26},
  number={2},
  pages={43--71},
  year={2013},
  publisher={Wiley Online Library}
}

@article{kalyuga2005rapid,
  title={Rapid dynamic assessment of expertise to improve the efficiency of adaptive e-learning},
  author={Kalyuga, Slava and Sweller, John},
  journal={Educational Technology Research and Development},
  volume={53},
  number={3},
  pages={83--93},
  year={2005},
  publisher={Springer}
}

@article{ryan2000intrinsic,
  title={Intrinsic and extrinsic motivations: Classic definitions and new directions},
  author={Ryan, Richard M and Deci, Edward L},
  journal={Contemporary educational psychology},
  volume={25},
  number={1},
  pages={54--67},
  year={2000},
  publisher={Elsevier}
}

@article{deci1985n,
  title={Intrinsic Motivation and Self-Determination in Human Behavior},
  author={Deci, EE and Ryan, RM},
  journal={Plenum Press},
  year={1985}
}

@article{rosenfield1980rewards,
  title={When rewards reflect competence: A qualification of the overjustification effect.},
  author={Rosenfield, David and Folger, Robert and Adelman, Harold F},
  journal={Journal of Personality and Social Psychology},
  volume={39},
  number={3},
  pages={368},
  year={1980},
  publisher={American Psychological Association}
}

@inproceedings{muntean2011raising,
  title={Raising engagement in e-learning through gamification},
  author={Muntean, Cristina Ioana},
  booktitle={Proc. 6th International Conference on Virtual Learning ICVL},
  number={42},
  pages={323--329},
  year={2011}
}

@article{mccombs1991motivation,
  title={Motivation and lifelong learning},
  author={McCombs, Barbara L},
  journal={Educational psychologist},
  volume={26},
  number={2},
  pages={117--127},
  year={1991},
  publisher={Taylor \& Francis}
}

@article{sharples2000design,
  title={The design of personal mobile technologies for lifelong learning},
  author={Sharples, Mike},
  journal={Computers \& Education},
  volume={34},
  number={3},
  pages={177--193},
  year={2000},
  publisher={Elsevier}
}

@book{engestrom1999perspectives,
  title={Perspectives on activity theory},
  author={Engestr{\"o}m, Yrj{\"o} and Miettinen, Reijo and Punam{\"a}ki, Raija-Leena},
  year={1999},
  publisher={Cambridge University Press}
}

@misc{ac,
  title = {Activity Theory: who is doing what, why and how},
  author={Hasan, Helen and Kazlauskas, Alanah 
  howpublished= {http://ro.uow.edu.au/cgi/viewcontent.cgi?article=1405&context=buspapers}},
  note = {Accessed: 2016-08-07}
}

@article{gorsky2005critical,
  title={A critical analysis of transactional distance theory},
  author={Gorsky, Paul and Caspi, Avner},
  journal={The Quarterly Review of Distance Education},
  volume={6},
  number={1},
  pages={1--11},
  year={2005}
}
@article{benson2009addressing,   
title={Addressing the context of e-learning: using transactional distance theory to inform design},   
author={Benson, Robyn and Samarawickrema, Gayani},   
journal={Distance Education},   
volume={30},   
number={1},   
pages={5--21},   
year={2009},   
publisher={Taylor \& Francis} 
}

@article{park2011pedagogical,
  title={A pedagogical framework for mobile learning: Categorizing educational applications of mobile technologies into four types},
  author={Park, Yeonjeong},
  journal={The International Review of Research in Open and Distributed Learning},
  volume={12},
  number={2},
  pages={78--102},
  year={2011}
}

@article{moore1972learner,
  title={Learner autonomy: The second dimension of independent learning},
  author={Moore, Michael G},
  journal={Convergence},
  volume={5},
  number={2},
  pages={76},
  year={1972},
  publisher={International Council for Adult Education}
}

@article{moore1973toward,
  title={Toward a theory of independent learning and teaching},
  author={Moore, Michael Grahame},
  journal={The Journal of Higher Education},
  volume={44},
  number={9},
  pages={661--679},
  year={1973},
  publisher={Taylor \& Francis}
}

@article{moore1980independent,
  title={Independent study},
  author={Moore, Michael G},
  journal={Redefining the discipline of adult education},
  volume={5},
  pages={16--31},
  year={1980}
}

@article{moore1983individual,
  title={The individual adult learner},
  author={Moore, MG},
  journal={Education for adults, Adult learning and education},
  volume={1},
  pages={153--168},
  year={1983}
}

@book{moore2013handbook,
  title={Handbook of distance education},
  author={Moore, Michael Grahame},
  year={2013},
  publisher={Routledge}
}

@article{david1995distance,
  title={Distance Education: International Perspective},
  author={David, S and Desmond, K and Borje, H},
  journal={Croom Helm, London},
  year={1995}
}

@article{moore1993theory,
  title={Theory of transactional distance},
  author={Moore, Michael G},
  journal={Theoretical principles of distance education},
  volume={1},
  pages={22--38},
  year={1993}
}

@book{moore2011distance,
  title={Distance education: A systems view of online learning},
  author={Moore, Michael G and Kearsley, Greg},
  year={2011},
  publisher={Cengage Learning}
}

@inproceedings{limtrairut2016mobile,
  title={Mobile Learning Application for Computer Science Students: A Transactional Distance Perspective},
  author={Limtrairut, Pakapan and Marshall, Stuart and Andreae, Peter},
  booktitle={Proceedings of the 2016 ACM Conference on International Computing Education Research},
  pages={285--286},
  year={2016},
  organization={ACM}
}

@inproceedings{limtrairut2016know,
  title={Know the Mobile Learning Application Users-Transactional Distance Perspective.},
  author={Limtrairut, Pakapan and Marshall, Stuart and Andreae, Peter},
  booktitle={CSEDU (2)},
  pages={378--387},
  year={2016}
}

@book{cooper2007face,
  title={About face 3: the essentials of interaction design},
  author={Cooper, Alan and Reimann, Robert and Cronin, David},
  year={2007},
  publisher={John Wiley \& Sons}
}

@inproceedings{nielsen1990heuristic,
  title={Heuristic evaluation of user interfaces},
  author={Nielsen, Jakob and Molich, Rolf},
  booktitle={Proceedings of the SIGCHI conference on Human factors in computing systems},
  pages={249--256},
  year={1990},
  organization={ACM}
}

@article{nielsen199510,
  title={10 usability heuristics for user interface design},
  author={Nielsen, Jakob},
  journal={Fremont: Nielsen Norman Group.[Consult. 20 maio 2014]. Dispon{\'\i}vel na Internet},
  year={1995}
}

@article{yanez2014heuristic,
  title={Heuristic evaluation on mobile interfaces: a new checklist},
  author={Y{\'a}{\~n}ez G{\'o}mez, Rosa and Cascado Caballero, Daniel and Sevillano, Jos{\'e}-Luis},
  journal={The Scientific World Journal},
  volume={2014},
  year={2014},
  publisher={Hindawi Publishing Corporation}
}

@article{reeves2002usability,
  title={Usability and Instructional Design Heuristics for E-Learning Evaluation.},
  author={Reeves, Thomas C and Benson, Lisa and Elliott, Dean and Grant, Michael and Holschuh, Doug and Kim, Beaumie and Kim, Hyeonjin and Lauber, Erick and Loh, Sebastian},
  year={2002},
  publisher={ERIC}
}

@techreport{hild1995brief,
  title={A brief history of mobile telephony},
  author={Hild, Stefan G},
  year={1995},
  institution={University of Cambridge, Computer Laboratory}
}

@article{liu2010understanding,
  title={Understanding the factors driving m-learning adoption: a literature review},
  author={Liu, Yong and Han, Shengnan and Li, Hongxiu},
  journal={Campus-Wide Information Systems},
  volume={27},
  number={4},
  pages={210--226},
  year={2010},
  publisher={Emerald Group Publishing Limited}
}

@article{jones2006mobile,   
title={Mobile interaction design},   
author={Jones, Matt and Marsden, Gary},   
year={2006},   
publisher={$\{$John Wiley \& Sons$\}$} }


@misc{nzreport,
title={A Report on a Survey of New Zealanders’ Use of Smartphones and other Mobile Communication Devices 2015},   
author={Research New Zealand},   
 howpublished= "\url{http://www.researchnz.com/pdf/Special Reports/Research New Zealand Special Report - Use of Smartphones.pdf}",
year={2015 (accessed June 30 2017)},   
}

@misc{mlearningreport,
title={The 2012-2017 Worldwide Mobile Learning Market},   
author={Adkins, Sam},   
 howpublished= "\url{http://www.ambientinsight.com}",
year={2013 (accessed August 14 2017)}
}

 @article{hoppe2003guest,
  title={Guest editorial: Wireless and mobile technologies in education},
  author={Hoppe, Heinz Ulrich and Joiner, R and Milrad, Marcelo and Sharples, Mike},
  journal={Journal of computer assisted Learning},
  volume={19},
  number={3},
  pages={255--259},
  year={2003},
  publisher={Wiley Online Library}
}

@inproceedings{petrova2005mobile,
  title={Mobile Learning Using SMS: A mobile business application},
  author={Petrova, Krassie},
  booktitle={Proceedings for the 18th Annual Conference of the National Advisory Committee on Computing Qualifications. July},
  pages={10--13},
  year={2005}
}

@article{o2003guidelines,
  title={Guidelines for learning/teaching/tutoring in a mobile environment. Mobilearn project deliverable},
  author={O’Malley, C and Vavoula, G and Glew, J and Taylor, J and Sharples, M and Lefrere, P},
  journal={Retrieved March},
  volume={24},
  pages={2013},
  year={2003}
}

@inproceedings{shudong2005limitations,
  title={Limitations of mobile phone learning},
  author={Shudong, Wang and Higgins, Michael},
  booktitle={Wireless and Mobile Technologies in Education, 2005. WMTE 2005. IEEE International Workshop on},
  pages={3--pp},
  year={2005},
  organization={IEEE}
}

@article{pozzi2007impact,   
title={The impact of m-learning in school contexts: An “Inclusive” perspective},   
author={Pozzi, Francesca},   
journal={Universal access in human-computer interaction. applications and services},   
pages={748--755},   
year={2007},   
publisher={Springer} }

@article{kang2008rethinking,
  title={Rethinking distance learning activities: A comparison of transactional distance theory and activity theory},
  author={Kang, Haijun and Gyorke, Allan S},
  journal={Open Learning},
  volume={23},
  number={3},
  pages={203--214},
  year={2008},
  publisher={Taylor \& Francis}
}

@article{saba1994verifying,
  title={Verifying key theoretical concepts in a dynamic model of distance education},
  author={Saba, Farhad and Shearer, Rick L},
  journal={American Journal of Distance Education},
  volume={8},
  number={1},
  pages={36--59},
  year={1994},
  publisher={Taylor \& Francis}
}

@article{bunker1996study,
  title={A study of transactional distance in an international audioconferencing course},
  author={Bunker, Ellen and Gayol, Yolanda and Nti, Naana and Reidell, Patty},
  journal={Technology and Teacher Education Annual},
  pages={40--44},
  year={1996},
  publisher={THE ADVANCEMENT OF COMPUTING IN EDUCATION}
}

@article{bischoff1996transactional,
  title={Transactional distance and interactive television in the distance education of health professionals},
  author={Bischoff, Whitney Rogers and Bisconer, Sarah W and Kooker, Barbara M and Woods, Lanell C},
  journal={American Journal of Distance Education},
  volume={10},
  number={3},
  pages={4--19},
  year={1996},
  publisher={Taylor \& Francis}
}

@article{chen2007path,
  title={A path analysis of the concepts in Moore's theory of transactional distance in a videoconferencing learning environment},
  author={Chen, Yau-Jane and Willits, Fern K},
  journal={International Journal of E-Learning \& Distance Education},
  volume={13},
  number={2},
  pages={51--65},
  year={2007}
}

@article{chen2001transactional,
  title={Transactional distance in World Wide Web learning environments},
  author={Chen, Yau-Jane},
  journal={Innovations in Education and Teaching International},
  volume={38},
  number={4},
  pages={327--338},
  year={2001},
  publisher={Taylor \& Francis}
}

@article{chen2001dimensions,
  title={Dimensions of transactional distance in the world wide web learning environment: a factor analysis},
  author={Chen, Yau-Jane},
  journal={British Journal of Educational Technology},
  volume={32},
  number={4},
  pages={459--470},
  year={2001},
  publisher={Wiley Online Library}
}

@book{zhang2003transactional,
  title={Transactional distance in web-based college learning environments: Toward measurement and theory construction},
  author={Zhang, Aixiu Monica},
  year={2003},
  publisher={Virginia Commonwealth University}
}

@article{wengrowicz2014transactional,
  title={Transactional distance in an undergraduate project-based systems modeling course},
  author={Wengrowicz, Niva and Dori, Yehudit Judy and Dori, Dov},
  journal={Knowledge-Based Systems},
  volume={71},
  pages={41--51},
  year={2014},
  publisher={Elsevier}
}

@article{lohnari2016mobile,
  title={Mobile Learning: Revolutionizing education},
  author={Lohnari, Tanuja},
  journal={International Journal of Engineering Research and General Science},
  volume={4},
  number={3},
  year={2016}
}

@article{dong2016mobile,
  title={Mobile Learning Application Design},
  author={DONG, Yu-shuang},
  journal={DEStech Transactions on Engineering and Technology Research},
  number={imeia},
  year={2016}
}

@book{berge2013handbook,
  title={Handbook of mobile learning},
  author={Berge, Zane L and Muilenburg, Lin},
  year={2013},
  publisher={Routledge}
}


@misc{unreport,
title={The Millennium Development Goals Report 2015},   
author={United Nations},   
 howpublished={http://www.un.org/millenniumgoals/2015MDGReport/pdf/MDG\%202015\%20rev\%20(July\%201).pdf}},
year={2015 (accessed June 30 2017)},   
}

@article{attewell2005engaging,
  title={Engaging and supporting mobile learners},
  author={Attewell, Jill and Webster, Tamatha},
  journal={Mobile learning anytime everywhere: A book of papers from mLearn 2004},
  pages={15--19},
  year={2005},
  publisher={LSDA London}
}

@article{fernandez2013mobile,
  title={Mobile learning technology based on iOS devices to support students with special education needs},
  author={Fern{\'a}Ndez-L{\'o}Pez, {\'A}Lvaro and Rodr{\'\i}Guez-F{\'o}Rtiz, Mar{\'\i}A Jos{\'e} and Rodr{\'\i}Guez-Almendros, Mar{\'\i}A Luisa and Mart{\'\i}Nez-Segura, Mar{\'\i}A Jos{\'e}},
  journal={Computers \& Education},
  volume={61},
  pages={77--90},
  year={2013},
  publisher={Elsevier}
}

@article{skiada2014easylexia,
  title={EasyLexia: A mobile application for children with learning difficulties},
  author={Skiada, Roxani and Soroniati, Eva and Gardeli, Anna and Zissis, Dimitrios},
  journal={Procedia Computer Science},
  volume={27},
  pages={218--228},
  year={2014},
  publisher={Elsevier}
}

@article{traxler2007defining,
  title={Defining, Discussing and Evaluating Mobile Learning: The moving finger writes and having writ....},
  author={Traxler, John},
  journal={The International Review of Research in Open and Distributed Learning},
  volume={8},
  number={2},
  year={2007}
}

@inproceedings{klopfer2002environmental,
  title={Environmental detectives: PDAs as a window into a virtual simulated world},
  author={Klopfer, Eric and Squire, Kurt and Jenkins, Henry},
  booktitle={Wireless and Mobile Technologies in Education, 2002. Proceedings. IEEE International Workshop on},
  pages={95--98},
  year={2002},
  organization={IEEE}
}

@inproceedings{attewell2005research,
  title={From research and development to mobile learning: Tools for education and training providers and their learners},
  author={Attewell, Jill},
  booktitle={4th World Conference on mLearning},
  pages={1--6},
  year={2005}
}

(42) @article{manuguerra2011promoting,   
title={Promoting student engagement by integrating new technology into tertiary education: The role of the iPad},   
author={Manuguerra, Maurizio and Petocz, Peter},   
journal={Asian Social Science},   
volume={7},   
number={11},   
pages={61},   
year={2011} 
}

(43) @article{evans2008effectiveness,   
title={The effectiveness of m-learning in the form of podcast revision lectures in higher education},   
author={Evans, Chris},   
journal={Computers \& education},   
volume={50},   
number={2},   
pages={491--498},   
year={2008},   
publisher={Elsevier} 
}

@article{corbeil2007you,   
title={Are you ready for mobile learning?},   
author={Corbeil, Joseph Rene and Valdes-Corbeil, Maria Elena},  
 journal={Educause Quarterly},   
volume={30},   
number={2},   
pages={51},   
year={2007},   
publisher={Educause} }

@article{jacob2014mobile,
  title={The mobile devices and its mobile learning usage analysis},
  author={Jacob, Seibu Mary and Issac, Biju},
  journal={arXiv preprint arXiv:1410.4375},
  year={2014} }

@article{repacholi2001health,
  title={Health risks from the use of mobile phones},
  author={Repacholi, Michael H},
  journal={Toxicology letters},
  volume={120},
  number={1},
  pages={323--331},
  year={2001},
  publisher={Elsevier}
}

(17) @article{lonn2004mobile,
  title={Mobile phone use and the risk of acoustic neuroma},
  author={L{\"o}nn, Stefan and Ahlbom, Anders and Hall, Per and Feychting, Maria},
  journal={Epidemiology},
  volume={15},
  number={6},
  pages={653--659},
  year={2004},
  publisher={LWW}
}
(18)@article{thomee2011mobile,
  title={Mobile phone use and stress, sleep disturbances, and symptoms of depression among young adults-a prospective cohort study},
  author={Thom{\'e}e, Sara and H{\"a}renstam, Annika and Hagberg, Mats},
  journal={BMC public health},
  volume={11},
  number={1},
  pages={66},
  year={2011},
  publisher={BioMed Central}
}

@article{suhag2016impact,
  title={Impact of Excessive Mobile Phone Usage on Human},
  author={Suhag, AK and Larik, RS and Mangi, GZ and Khan, M and Abbasi, SK and others},
  journal={J Comput Sci Syst Biol},
  volume={9},
  pages={173--177},
  year={2016}
}

@incollection{liaw2012case,   
title={A Case of Study of Investigating Users’ Acceptance toward Mobile Learning},   
author={Liaw, Shu-Sheng and Huang, Hsiu-Mei},   
booktitle={Recent progress in data engineering and internet technology},   
pages={299--305},   
year={2012},   
publisher={Springer} }


@article{godwin2011emerging,
  title={Emerging technologies: Mobile apps for language learning},
  author={Godwin-Jones, Robert},
  journal={Language Learning \& Technology},
  volume={15},
  number={2},
  pages={2--11},
  year={2011}
}

@article{cochrane2010smartphones,   
title={Smartphones give you wings: Pedagogical affordances of mobile Web 2.0},   
author={Cochrane, Thomas and Bateman, Roger},   
journal={Australasian Journal of Educational Technology},   volume={26},   
number={1},   
year={2010} 
}

@inproceedings{alghamdi2013impact,
  title={The impact of mobile phone screen size on user comprehension of health information.},
  author={Alghamdi, Ebtisam and Yunus, Faisel and Househ, Mowafa S},
  booktitle={ICIMTH},
  pages={154--156},
  year={2013}
}

@article{chae2004size,
  title={Do size and structure matter to mobile users? An empirical study of the effects of screen size, information structure, and task complexity on user activities with standard web phones},
  author={Chae, Minhee and Kim, Jinwoo},
  journal={Behaviour \& information technology},
  volume={23},
  number={3},
  pages={165--181},
  year={2004},
  publisher={Taylor \& Francis}
}

@article{chittaro2006visualizing,
  title={Visualizing information on mobile devices},
  author={Chittaro, Luca},
  journal={Computer},
  volume={39},
  number={3},
  pages={40--45},
  year={2006},
  publisher={IEEE}
}


@inproceedings{liu2003automatic,   
title={Automatic browsing of large pictures on mobile devices},   author={Liu, Hao and Xie, Xing and Ma, Wei-Ying and Zhang, Hong-Jiang},   
booktitle={Proceedings of the eleventh ACM international conference on Multimedia},   
pages={148--155},   
year={2003},   
organization={ACM} }

@article{liaw2010investigating,   
title={Investigating acceptance toward mobile learning to assist individual knowledge management: Based on activity theory approach},   author={Liaw, Shu-Sheng and Hatala, Marek and Huang, Hsiu-Mei},   journal={Computers \& Education},   
volume={54},   
number={2},   
pages={446--454},   
year={2010},   
publisher={Elsevier} }

@article{kaiiali2016designing,
  title={Designing a secure exam management system (SEMS) for M-learning environments},
  author={Kaiiali, Mustafa and Ozkaya, Armagan and Altun, Halis and Haddad, Hatem and Alier, Marc},
  journal={IEEE Transactions on Learning Technologies},
  volume={9},
  number={3},
  pages={258--271},
  year={2016},
  publisher={IEEE}
}

@book{norman1988psychology,
  title={The Psychology of Everyday Things},
  author={Norman, D.A.},
  isbn={9780385267748},
  lccn={87047782},
  year={1988},
  publisher={Basic Books}
}

(71) @incollection{dix2009human,
  title={Human-computer interaction},
  author={Dix, Alan},
  booktitle={Encyclopedia of database systems},
  pages={1327--1331},
  year={2009},
  publisher={Springer}
}


@inproceedings{parsons2006study,
  title={A study of design requirements for mobile learning environments},
  author={Parsons, David and Ryu, Hokyoung and Cranshaw, Mark},
  booktitle={Advanced Learning Technologies, 2006. Sixth International Conference on},
  pages={96--100},
  year={2006},
  organization={IEEE}
}

@book{pruitt2010persona,
  title={The persona lifecycle: keeping people in mind throughout product design},
  author={Pruitt, John and Adlin, Tamara},
  year={2010},
  publisher={Morgan Kaufmann}
}

@article{copper1999inmates,   
title={The Inmates Are Running the Asylum: Why High-Tech Products Drive Us Crazy and How to Restore the Sanity},   
author={Copper, A},   
journal={SAMS. ISBN: 0-67231-649-8},   
year={1999} }

 

@article{idoughi2012adding,   
title={Adding user experience into the interactive service design loop: a persona-based approach},   author={Idoughi, Djilali and Seffah, Ahmed and Kolski, Christophe},   journal={Behaviour \& Information Technology},   volume={31},   number={3},   pages={287--303},   year={2012},   publisher={Taylor \& Francis} }

 

@inproceedings{rahim2014engineering,   
title={Engineering m-learning using agile user-centered design},   
author={Rahim, Wan Abdul and Isa, Wan Mohd and Lokman, Anitawati Mohd and Taharim, Nurwahida Faradila and Wahid, Noor Dina},   
booktitle={Next Generation Mobile Apps, Services and Technologies (NGMAST), 2014 Eighth International Conference on},   
pages={60--65},   year={2014},   organization={IEEE} }

 

@article{calvo2014user,   
title={User-centered requirement engineering for accessible chats in m-learning},
   author={Calvo, Roc{\'\i}o and Iglesias, Ana and Moreno, Lourdes},   
year={2014},   
publisher={J. UCS Consortium} }

 
@book{shneiderman2010designing,
  title={Designing the user interface: strategies for effective human-computer interaction},
  author={Shneiderman, Ben},
  year={2010},
  publisher={Pearson Education India}
}

@inproceedings{gong2004guidelines,
  title={Guidelines for handheld mobile device interface design},
  author={Gong, Jun and Tarasewich, Peter},
  booktitle={Proceedings of DSI 2004 Annual Meeting},
  pages={3751--3756},
  year={2004}
}

@article{jones2006mobile,   
title={Mobile interaction design},   
author={Jones, Matt and Marsden, Gary},   
year={2006},   
publisher={$\{$John Wiley \& Sons$\}$} }

@inproceedings{nielsen1990heuristic,
  title={Heuristic evaluation of user interfaces},
  author={Nielsen, Jakob and Molich, Rolf},
  booktitle={Proceedings of the SIGCHI conference on Human factors in computing systems},
  pages={249--256},
  year={1990},
  organization={ACM}
}

@article{nielsen199510,
  title={10 usability heuristics for user interface design},
  author={Nielsen, Jakob},
  journal={Fremont: Nielsen Norman Group.[Consult. 20 maio 2014]. Dispon{\'\i}vel na Internet},
  year={1995}
}

@article{reeves2002usability,
  title={Usability and Instructional Design Heuristics for E-Learning Evaluation.},
  author={Reeves, Thomas C and Benson, Lisa and Elliott, Dean and Grant, Michael and Holschuh, Doug and Kim, Beaumie and Kim, Hyeonjin and Lauber, Erick and Loh, Sebastian},
  year={2002},
  publisher={ERIC}
}

@article{yanez2014heuristic,
  title={Heuristic evaluation on mobile interfaces: a new checklist},
  author={Y{\'a}{\~n}ez G{\'o}mez, Rosa and Cascado Caballero, Daniel and Sevillano, Jos{\'e}-Luis},
  journal={The Scientific World Journal},
  volume={2014},
  year={2014},
  publisher={Hindawi Publishing Corporation}
}

@book{alessi2000multimedia,
   title={Multimedia for learning: Methods and development},
   author={Alessi, Stephen M and Trollip, Stanley R},
   year={2000},
   publisher={Allyn \& Bacon, Inc.} }

@article{foot2014cultural,
  title={Cultural-historical activity theory: Exploring a theory to inform practice and research},
  author={Foot, Kirsten A},
  journal={Journal of Human Behavior in the Social Environment},
  volume={24},
  number={3},
  pages={329--347},
  year={2014},
  publisher={Taylor \& Francis}
}










